<record><leader>00000cas a2200000 i 4500</leader><controlfield tag="001">773941470</controlfield><controlfield tag="008">120126c20129999waumr n       0    0eng c</controlfield><datafield ind1=" " ind2=" " tag="010"><subfield code="a">  2016252025</subfield></datafield><datafield ind1=" " ind2=" " tag="040"><subfield code="a">WRJ</subfield><subfield code="b">eng</subfield><subfield code="e">rda</subfield><subfield code="c">WRJ</subfield><subfield code="d">WRJ</subfield><subfield code="d">OCLCF</subfield><subfield code="d">WAU</subfield></datafield><datafield ind1=" " ind2=" " tag="042"><subfield code="a">pcc</subfield></datafield><datafield ind1=" " ind2=" " tag="043"><subfield code="a">n-us-wa</subfield></datafield><datafield ind1="0" ind2="4" tag="082"><subfield code="a">979.7772</subfield></datafield><datafield ind1="0" ind2="0" tag="245"><subfield code="a">City living Seattle.</subfield></datafield><datafield ind1="1" ind2=" " tag="246"><subfield code="a">City living</subfield></datafield><datafield ind1="3" ind2=" " tag="246"><subfield code="a">Seattle city living</subfield></datafield><datafield ind1=" " ind2="1" tag="264"><subfield code="a">Seattle, WA :</subfield><subfield code="b">Pacific Publishing Co.</subfield></datafield><datafield ind1=" " ind2=" " tag="300"><subfield code="a">volumes :</subfield><subfield code="b">illustrations ;</subfield><subfield code="c">44 cm.</subfield></datafield><datafield ind1=" " ind2=" " tag="310"><subfield code="a">Monthly,</subfield><subfield code="b">August 2012-</subfield></datafield><datafield ind1=" " ind2=" " tag="321"><subfield code="a">Weekly,</subfield><subfield code="b">January 2012-July 2012</subfield></datafield><datafield ind1=" " ind2=" " tag="336"><subfield code="a">text</subfield><subfield code="b">txt</subfield><subfield code="2">rdacontent</subfield></datafield><datafield ind1=" " ind2=" " tag="337"><subfield code="a">unmediated</subfield><subfield code="b">n</subfield><subfield code="2">rdamedia</subfield></datafield><datafield ind1=" " ind2=" " tag="338"><subfield code="a">volume</subfield><subfield code="b">nc</subfield><subfield code="2">rdacarrier</subfield></datafield><datafield ind1="1" ind2=" " tag="362"><subfield code="a">Began with: January 4, 2012.</subfield></datafield><datafield ind1=" " ind2=" " tag="588"><subfield code="a">Description based on: February 22, 2012; title from masthead.</subfield></datafield><datafield ind1=" " ind2=" " tag="588"><subfield code="a">Latest issue consulted: Mid-March 2016.</subfield></datafield><datafield ind1=" " ind2=" " tag="580"><subfield code="a">Absorbed: Capitol Hill times city living: and: South Seattle beacon city living.</subfield></datafield><datafield ind1=" " ind2="0" tag="651"><subfield code="a">Seattle (Wash.)</subfield><subfield code="v">Newspapers.</subfield></datafield><datafield ind1=" " ind2="7" tag="651"><subfield code="a">Washington (State)</subfield><subfield code="z">Seattle.</subfield><subfield code="2">fast</subfield><subfield code="0">(OCoLC)fst01204940</subfield></datafield><datafield ind1=" " ind2="7" tag="655"><subfield code="a">Newspapers.</subfield><subfield code="2">fast</subfield><subfield code="0">(OCoLC)fst01423814</subfield></datafield><datafield ind1=" " ind2=" " tag="752"><subfield code="a">United States</subfield><subfield code="b">Washington</subfield><subfield code="c">King</subfield><subfield code="d">Seattle.</subfield></datafield><datafield ind1="0" ind2=" " tag="770"><subfield code="t">Seattle annual manual</subfield><subfield code="w">(DLC)  2016252766</subfield><subfield code="w">(OCoLC)945737552</subfield></datafield><datafield ind1="0" ind2="5" tag="780"><subfield code="t">Capitol Hill times city living</subfield><subfield code="w">(OCoLC)297177677</subfield></datafield><datafield ind1="0" ind2="5" tag="780"><subfield code="t">South Seattle beacon city living</subfield><subfield code="w">(OCoLC)297176922</subfield></datafield></record>